<record><leader>00000cas a2200000 a 4500</leader><controlfield tag="001">11364636</controlfield><controlfield tag="008">841108d18801881ksuwr ne      0   a0eng d</controlfield><datafield ind1=" " ind2=" " tag="010"><subfield code="a">sn 84030032 </subfield></datafield><datafield ind1=" " ind2=" " tag="040"><subfield code="a">KSH</subfield><subfield code="b">eng</subfield><subfield code="c">KSH</subfield><subfield code="d">NPT</subfield><subfield code="d">OCL</subfield><subfield code="d">OCLCQ</subfield></datafield><datafield ind1=" " ind2=" " tag="042"><subfield code="a">msc</subfield></datafield><datafield ind1="0" ind2="0" tag="245"><subfield code="a">Roscoe tribune.</subfield></datafield><datafield ind1=" " ind2=" " tag="260"><subfield code="a">Roscoe, Kan. :</subfield><subfield code="b">Worcester &amp; Kellogg</subfield></datafield><datafield ind1=" " ind2=" " tag="300"><subfield code="a">v. ;</subfield><subfield code="c">54 cm.</subfield></datafield><datafield ind1=" " ind2=" " tag="310"><subfield code="a">Weekly</subfield></datafield><datafield ind1="1" ind2=" " tag="362"><subfield code="a">Began in 1880.</subfield><subfield code="z">Cf. Ayer, 1881.</subfield></datafield><datafield ind1="1" ind2=" " tag="362"><subfield code="a">Ceased in 1881?</subfield></datafield><datafield ind1=" " ind2=" " tag="500"><subfield code="a">Published by: Frank P. Kellogg, July 23, 1880-May 13, 1881; Kellogg &amp; Ackerman, May 20, 1881-</subfield></datafield><datafield ind1=" " ind2=" " tag="500"><subfield code="a">"Republican."</subfield></datafield><datafield ind1=" " ind2=" " tag="588"><subfield code="a">Description based on: Vol. 1, no. 7 (June 23, 1880).</subfield></datafield><datafield ind1=" " ind2=" " tag="752"><subfield code="a">United States</subfield><subfield code="b">Kansas</subfield><subfield code="c">Graham</subfield><subfield code="d">Roscoe.</subfield></datafield></record>